<record><leader>00000cas a22000007a 4500</leader><controlfield tag="001">16158369</controlfield><controlfield tag="008">870710d18421842inuwr ne      0    0eng d</controlfield><datafield ind1=" " ind2=" " tag="010"><subfield code="a">sn 87056605 </subfield></datafield><datafield ind1=" " ind2=" " tag="040"><subfield code="a">NPI</subfield><subfield code="b">eng</subfield><subfield code="c">NPI</subfield><subfield code="d">NVF</subfield><subfield code="d">DLC</subfield><subfield code="d">IUL</subfield><subfield code="d">OCLCF</subfield></datafield><datafield ind1=" " ind2=" " tag="042"><subfield code="a">msc</subfield></datafield><datafield ind1=" " ind2=" " tag="043"><subfield code="a">n-us-in</subfield></datafield><datafield ind1="0" ind2="0" tag="245"><subfield code="a">Extra State sentinel.</subfield></datafield><datafield ind1=" " ind2=" " tag="260"><subfield code="a">Indianapolis [Ind.] :</subfield><subfield code="b">G.A. &amp; J.P. Chapman,</subfield><subfield code="c">1842.</subfield></datafield><datafield ind1=" " ind2=" " tag="300"><subfield code="a">1 volume</subfield></datafield><datafield ind1=" " ind2=" " tag="310"><subfield code="a">Weekly</subfield></datafield><datafield ind1="0" ind2=" " tag="362"><subfield code="a">Vol. 1, no. 1 (Jan. 31, 1842)-v. 1, no. 26 (Sept. 16, 1842).</subfield></datafield><datafield ind1=" " ind2=" " tag="580"><subfield code="a">Campaign supplement to: Indiana State sentinel (Indianapolis, Ind. : 1841).</subfield></datafield><datafield ind1=" " ind2="0" tag="651"><subfield code="a">Indianapolis (Ind.)</subfield><subfield code="v">Newspapers.</subfield></datafield><datafield ind1=" " ind2="0" tag="651"><subfield code="a">Marion County (Ind.)</subfield><subfield code="v">Newspapers.</subfield></datafield><datafield ind1=" " ind2="7" tag="651"><subfield code="a">Indiana</subfield><subfield code="z">Indianapolis.</subfield><subfield code="2">fast</subfield><subfield code="0">(OCoLC)fst01205182</subfield></datafield><datafield ind1=" " ind2="7" tag="651"><subfield code="a">Indiana</subfield><subfield code="z">Marion County.</subfield><subfield code="2">fast</subfield><subfield code="0">(OCoLC)fst01213920</subfield></datafield><datafield ind1=" " ind2="7" tag="655"><subfield code="a">Newspapers.</subfield><subfield code="2">fast</subfield><subfield code="0">(OCoLC)fst01423814</subfield></datafield><datafield ind1=" " ind2=" " tag="752"><subfield code="a">United States</subfield><subfield code="b">Indiana</subfield><subfield code="c">Marion</subfield><subfield code="d">Indianapolis.</subfield></datafield><datafield ind1="1" ind2=" " tag="772"><subfield code="t">Indiana State sentinel (Indianapolis, Ind. : 1841)</subfield><subfield code="x">2332-094X</subfield><subfield code="w">(DLC)sn 82015677</subfield><subfield code="w">(OCoLC)8811173</subfield></datafield><datafield ind1="0" ind2="0" tag="785"><subfield code="t">Chapman's coon skinner</subfield><subfield code="w">(DLC)sn 87055718</subfield><subfield code="w">(OCoLC)12616468</subfield></datafield></record>